%
%  An example of a bibliographical database for bibTeX
%
%  Recommended software for maintenance of *.bib files:
%    JabRef, http://jabref.sourceforge.net/
%
%  BEWARE:
%
%    *  If a name contains a capital letter, which must be kept such,
%       use curly brackets ({T}hailand, {HIV}).
%
%  ===========================================================================

@BOOK{ReedSimon4,
  title = {Methods of Modern Mathematical Physics IV: Analysis of Operators},
  publisher = {Academic Press},
  year = {1978},
  author = {Reed, Michael and Barry Simon}
}

@BOOK{Weidmann,
  title = {Linear Operators in Hilbert Spaces},
  author = {Weidmann, Joachim},
  translator = {Joseph Szücs},
  editor = {P. R. Halmos, F. W. Gehring and C. C. Moore},
  publisher = {Springer},
  year = {1980}
}

@BOOK{LandauLifshitz3,
  title = {Quantum Mechanics: Non-relativistic Theory},
  author = {Landau, L. D. and E. M. Lifshitz},
  publisher = {Pergamon Press},
  year = {1981}
}

@BOOK{BEH,
  title = {Hilbert space operators in quantum physics},
  author = {Blank, Jiří and Pavel Exner and Miroslav Havlíček},
  publisher = {Springer},
  year = {2008}
}

@BOOK{AbramowitzStegun,
  title = {Handbook of Mathematical Functions: with Formulas, Graphs, and Mathematical Tables},
  author = {Abramowitz, Milton and Irene A. Stegun},
  publisher = {National Bureau of Standards},
  year = {1970}
}

@BOOK{GradshteynRyzhik,
  title = {Table of Integrals, Series and Products},
  author = {Gradshteyn, I. S. and I. M. Ryzhik},
  editor = {Daniel Zwillinger and Victor Moll},
  series = {Eighth Edition},
  publisher = {Elsevier},
  year = {2014}
}

@BOOK{Cycon,
  title = {Schrödinger Operators with Applications to Quantum Mechanics and Global Geometry},
  author = {Cycon, Hans L. et al.},
  publisher = {Springer},
  year = {1987}
}

@ARTICLE{Macris1999,
  title = {On edge states in semi-infinite quantum Hall systems},
  author = {N. Marcis and P. A. Martin and J. V. Pulé},
  journal = {IOP Science},
  publisher = {IOP Publishing},
  year = {1999}
}

@ARTICLE{Frohlich2000,
  title = {On the Extended Nature of Edge States of Quantum Hall Hamiltonians},
  author = {J. Fröhlich and G. M. Graf and J. Walcher},
  journal = {Annales Henri Poincaré},
  year = {2000}
}

@ARTICLE{Mourre1981,
  title = {Absence of Singular Continuous Spectrum
for Certain Self-Adjoint Operators},
  author = {E. Mourre},
  journal = {Communications in Mathematical Physics},
  year = {1981}
}

@ARTICLE{Miranda2017,
  title = {Spectrum of the Iwatsuka Hamiltonian at thresholds},
  author = {Pablo Miranda and Nicolas Popoff},
  journal = {Journal of Mathematical Analysis and Applications},
  year = {2017}
}

@ARTICLE{Iwatsuka1983,
  author = {Akira Iwatsuka},
  title = {The essential spectrum of two-dimensional Schrödinger operators with perturbed constant magnetic fields},
  journal = {Journal of Mathematics Kyoto University},
  volume = {23},
  number = {3},
  year = {1983}
}

@ARTICLE{Iwatsuka1985,
  author = {Akira Iwatsuka},
  title = {Examples of Absolutely Continuous Schrödinger Operators in Magnetic Fields},
  journal = {Publications of RIMS, Kyoto University},
  volume = {21},
  year = {1985}
}

@ARTICLE{Hislop2015,
  author = {Peter D. Hislop and Eric Soccorsi},
  title = {Edge States Induced by Iwatsuka Hamiltonians With Positive Magnetic Fields},
  journal = {Journal of Mathematical Analysis and Applications},
  volume = {422},
  number = {1},
  pages = {594-624},
  year = {2015},
}

@ARTICLE{Exner2018,
  author = {Pavel Exner and Tomáš Kalvoda and Matěj Tušek},
  title = {A geometric Iwatsuka type effect in quantum layers},
  journal = {Journal of Mathematical Physics},
  volume = {59},
  year = {2018}
}
